@inproceedings{gomes2013app,
  title={App inventor for android: Uma nova possibilidade para o ensino de l{\'o}gica de programa{\c{c}}ao},
  author={Gomes, Tancicleide CS and de Melo, Jeane CB},
  booktitle={Anais dos Workshops do Congresso Brasileiro de Inform{\'a}tica na Educa{\c{c}}{\~a}o},
  volume={2},
  number={1},
  year={2013}
}
@article{pott2009vegetaccao,
	title={Vegeta{\c{c}}{\~a}o do Pantanal: fitogeografia e din{\^a}mica},
	author={Pott, Arnildo and Pott, Vali Joana},
	journal={Simp{\'o}sio de Geotecnologias no Pantanal},
	volume={2},
	pages={1065--1076},
	year={2009}
}
@article{da2014paradigmas,
	title={Os paradigmas de desenvolvimento de aplicativos para aparelhos celulares},
	author={da Silva, Marcelo Moro and Santos, Marilde Terezinha Prado},
	journal={Revista TIS},
	volume={3},
	number={2},
	year={2014}
}
@book{eisenman2015learning,
	title={Learning react native: building native mobile apps with javascript},
	author={Eisenman, Bonnie},
	year={2015},
	publisher={" O'Reilly Media, Inc."}
}
@misc{hansson2016effects,
	title={Effects on performance and usability for cross-platform application development using React Native},
	author={Hansson, Niclas and Vidhall, Tomas},
	year={2016}
}
@article{emdesafios,
	title={Os desafios para a mobiliza{\c{c}}{\~a}o de aplica{\c{c}}{\~o}es baseadas em plataforma Web},
	author={em Billing, Diretoria de Solu{\c{c}}{\~o}es},
	year={2013?}
}

