@inproceedings{gomes2013app,
  title={App inventor for android: Uma nova possibilidade para o ensino de l{\'o}gica de programa{\c{c}}ao},
  author={Gomes, Tancicleide CS and de Melo, Jeane CB},
  booktitle={Anais dos Workshops do Congresso Brasileiro de Inform{\'a}tica na Educa{\c{c}}{\~a}o},
  volume={2},
  number={1},
  year={2013}
}
@article{pott2009vegetaccao,
	title={Vegeta{\c{c}}{\~a}o do Pantanal: fitogeografia e din{\^a}mica},
	author={Pott, Arnildo and Pott, Vali Joana},
	journal={Simp{\'o}sio de Geotecnologias no Pantanal},
	volume={2},
	pages={1065--1076},
	year={2009}
}
@article{da2014paradigmas,
	title={Os paradigmas de desenvolvimento de aplicativos para aparelhos celulares},
	author={da Silva, Marcelo Moro and Santos, Marilde Terezinha Prado},
	journal={Revista TIS},
	volume={3},
	number={2},
	year={2014}
}
@book{eisenman2015learning,
	title={Learning react native: building native mobile apps with javascript},
	author={Eisenman, Bonnie},
	year={2015},
	publisher={" O'Reilly Media, Inc."}
}
@misc{hansson2016effects,
	title={Effects on performance and usability for cross-platform application development using React Native},
	author={Hansson, Niclas and Vidhall, Tomas},
	year={2016}
}
@article{emdesafios,
	title={Os desafios para a mobiliza{\c{c}}{\~a}o de aplica{\c{c}}{\~o}es baseadas em plataforma Web},
	author={em Billing, Diretoria de Solu{\c{c}}{\~o}es},
	year={2013?}
}
@article{toledo2016desenvolvimento,
	title={Desenvolvimento em Smartphones-Aplicativos Nativos e Web},
	author={Toledo, Jan Miszura and de Deus, Gilcimar Divino},
	journal={7{\textordfeminine} Mostra de Produ{\c{c}}{\~a}o Cient{\'\i}fica da Lato Sensu. PUC Goi{\'a}s. Goi{\^a}nia-- GO. Dispon{\'\i}vel em:< http://www. cpgls. ucg. br/7mostra/artigos/agrarias. pdf>. Acesso em 19 abr, 2019},
	volume={5},
	year={2016}
}
@book{torres2018biblia,
	title={A b{\'\i}blia do marketing digital: tudo o que voc{\^e} queria saber sobre marketing e publicidade na internet e n{\~a}o tinha a quem perguntar},
	author={Torres, Claudio},
	year={2018},
	publisher={Novatec Editora}
}
@article{garbin2014sistema,
	title={Sistema de recomenda{\c{c}}{\~a}o mobile: um estudo de caso para delivery},
	author={Garbin, Marcelo},
	year={2014},
	publisher={Universidade Federal de Santa Maria}
}
@article{eco,
	title={O que {\'e} o Bioma Pantanal?},
	author={((O))eco},
	publisher={Dicion{\'a}rio Ambiental},
	year={2014}
}
@book{ab2006brasil,
	title={Brasil, paisagens de exce{\c{c}}{\~a}o: o litoral e o Pantanal Mato-grossense, patrim{\^o}nios b{\'a}sicos},
	author={Ab'S{\'a}ber, Aziz Nacib},
	volume={2},
	year={2006},
	publisher={Ateli{\^e} Editorial}
}
@book{velloso2014informatica,
	title={Inform{\'a}tica: conceitos b{\'a}sicos},
	author={Velloso, Fernando},
	volume={9},
	year={2014},
	publisher={Elsevier Brasil}
}
@article{coutinho2006conceito,
	title={O conceito de bioma},
	author={Coutinho, Leopoldo Magno},
	journal={Acta botanica bras{\'\i}lica},
	volume={20},
	number={1},
	pages={13--23},
	year={2006},
	publisher={SciELO Brasil}
}
@article{tavares2016introduccao,
	title={Introdu{\c{c}}{\~a}o a Desenvolvimento de Aplica{\c{c}}{\~o}es H{\'\i}bridas},
	author={Tavares, Henrique Leal},
	journal={Revista Eletr{\^o}nica eF@ tec},
	volume={6},
	number={1},
	pages={11--11},
	year={2016}
}
@article{vilete2018frameworks,
	title={Frameworks para o desenvolvimento de aplica{\c{c}}{\~o}es mobile multiplataforma},
	author={Vilete, Aline de Souza and Lopes, Thais Moreira},
	year={2018},
	publisher={Luiz Gustavo Louren{\c{c}}o Moura}
}
@article{souza2006origem,
	title={Origem e evolu{\c{c}}{\~a}o do Pantanal Mato-grossense},
	author={Souza, CA and Lani, JL and Sousa, JB},
	journal={VI Simp{\'o}sio nacional de geomorfologia/regionalconferenceongeomorpholoy. Geomorfologia tropical e subtropical: processos, m{\'e}todos e t{\'e}cnicas/Tropical and subtropical geomorpholog: processesmethodsandtechniques. Goi{\^a}nia},
	volume={6},
	pages={6--10},
	year={2006}
}
